@online{site:data-to-viz,
    title   = {from Data to Viz},
    url     = {https://www.data-to-viz.com/}
}

@online{site:vis_vocabulary,
    title   = {Visual Vocabulary},
    url     = {https://ft-interactive.github.io/visual-vocabulary/}
}

@online{site:infogram,
    title   = {Infogram - What is data visualization?},
    url     = {https://infogram.com/blog/what-is-data-visualization/?_gl=1*1rypyyw*_up*MQ..*_ga*MTg5MzY2NzU2MS4xNzE5MzMxMTgw*_ga_LD50PRQER7*MTcxOTMzMTE3OS4xLjAuMTcxOTMzMTE3OS4wLjAuMA..}
}

@online{site:quillbot,
    title   = {Quillbot - Evaluating Appeals to Ethos, Logos, and Pathos},
    url     = {https://quillbot.com/courses/english-literacy-and-composition-b/chapter/text-evaluating-appeals-to-ethos-logos-and-pathos/}
}

@online{site:medium,
    title   = {Medium - Infographics: Purpose, elements and types},
    url     = {https://medium.com/@tetracubetech/infographics-purpose-elements-and-types-ae8bfc7cd89b}
}

@online{site:unipd_dati,
    title   = {Università degli Studi di Padova - Dati statistici},
    url     = {https://www.unipd.it/dati-statistici}
}

@online{site:almalaurea_dati,
    title   = {Almalaurea - Informatica (L-31), Università degli Studi di PADOVA},
    url     = {https://www2.almalaurea.it/cgi-php/universita/statistiche/stamp.php?versione=2019&annoprofilo=2023&annooccupazione=2022&codicione=0280106203100001&corsclasse=2031&aggrega=SI&confronta=ateneo&compatibility=0&stella2015=&sua=1#profilo}
}

@online{site:d3,
    title   = {D3.js},
    url     = {https://d3js.org/}
}

@online{site:d3_sankey,
    title   = {d3-sankey},
    url     = {https://github.com/d3/d3-sankey}
}

@online{site:d3_legend,
    title   = {d3 SVG Legend (v4)},
    url     = {https://d3-legend.susielu.com/}
}

@online{site:venn,
    title   = {venn.js},
    url     = {https://github.com/benfred/venn.js}
}

@online{site:leaflet,
    title   = {Leaflet},
    url     = {https://leafletjs.com/}
}

@online{site:spiderfier,
    title   = {Overlapping Marker Spiderfier for Leaflet},
    url     = {https://github.com/jawj/OverlappingMarkerSpiderfier-Leaflet}
}

@online{site:node,
    title   = {Node.js},
    url     = {https://nodejs.org/}
}

@online{site:http_server,
    title   = {npm - http-server},
    url     = {https://www.npmjs.com/package/http-server}
}

@online{site:postgres,
    title   = {PostgreSQL},
    url     = {https://www.postgresql.org/}
}

@online{site:pgvetor,
    title   = {pgvector},
    url     = {https://github.com/pgvector/pgvector}
}

@online{site:pgadmin,
    title   = {pgAdmin},
    url     = {https://www.pgadmin.org/}
}

@online{site:psy,
    title   = {psycopg},
    url     = {https://www.psycopg.org/}
}

@online{site:txtai,
    title   = {Almalaurea - Informatica (L-31), Università degli Studi di PADOVA},
    url     = {https://neuml.github.io/txtai/}
}

@online{site:flask,
    title   = {Flask},
    url     = {https://flask.palletsprojects.com/}
}

@online{site:flask_cors,
    title   = {flask-cors},
    url     = {https://github.com/corydolphin/flask-cors}
}

@online{site:json-rules-engine,
    title   = {json-rules-engine},
    url     = {https://github.com/CacheControl/json-rules-engine}
}

@online{site:json-rules-engine,
    title   = {llama.cpp},
    url     = {https://github.com/ggerganov/llama.cpp}
}


@book{tufte:vis_display,
    author  = {Edward R. Tufte},
    title   = {The Visual Display of Quantitative Information, Second Edition},
    publisher = {Graphics Press, LLC},
    year    = {2006}
}
%INTRO, cap 1, CAP 9

@book{bottazzini:design_mente,
    author  = {Bottazzini, Paolo and Gotuzzo, Michele},
    title   = {Design della mente. Infografica e data visualization},
    publisher = {Press Grafica, Srl},
    year    = {2014}
}
%INTRO + CAP 1, CAP 2, cap 3, cap 16, CAP 18, CAP 17, cap 6, cap 7, cap 8, cap 9

@inproceedings{tymchenko:design_factor,
    author={Tymchenko, Oleksandr and Vasiuta, Svitlana and Khamula, Orest},
    booktitle={2018 IEEE 13th International Scientific and Technical Conference on Computer Sciences and Information Technologies (CSIT)}, 
    title={Optimization of the Mathematical Model of Factors of Composite Design of Infographic}, 
    year={2018},
}

@inproceedings {lu:vif,
    title={Exploring Visual Information Flows in Infographics},
    author={Lu, Min and Wang, Chufeng and Lanir, Joel and Zhao, Nanxuan and Pfister, Hanspeter and Cohen-Or, Daniel and Huang, Hui},
    year={2020},
    booktitle={Proceedings of the 2020 CHI Conference on Human Factors in Computing Systems}
}

@book{cairo:arte_funz,
    author  = {Alberto Cairo},
    title   = {L'arte funzionale Infografica e visualizzazione dele informazioni},
    publisher = {Pearson Italia, SpA},
    year    = {2013}
}
%cap 1, cap 2, cap 3, Cap 4, cap 9, cap 6, cap 15

@book{lupton:design_story,
    author  = {Ellen Lupton},
    title   = {Design is storytelling},
    publisher = {Cooper Hewitt},
    year    = {2024}
}

@book{brand:visual_thinking,
    author  = {Willemien Brand},
    title   = {Visual Thinking: Empowering People and Organisations through Visual Collaboration},
    publisher = {BIS Publishers},
    year    = {2017}
}

@book{hinderman:respo_viz,
    author  = {Bill Hinderman},
    title   = {Building Responsive Data Visualization for the Web},
    publisher = {John Wiley \& Sons, Ltd},
    year    = {2015}
}
